<?xml version="1.0" encoding="UTF-8"?><collection xmlns="http://www.loc.gov/MARC21/slim"><record><leader>00325nam--2200133-i-4500</leader><controlfield tag="001">000050207</controlfield><controlfield tag="002">20161230</controlfield><controlfield tag="005">20161230201048</controlfield><controlfield tag="008">060222s1000------------r-----000-0-eng-d</controlfield><datafield ind1=" " ind2=" " tag="080"><subfield code="a">621.315.59</subfield></datafield><datafield ind1=" " ind2=" " tag="100"><subfield code="a">Bakirov,M.Ia</subfield></datafield><datafield ind1=" " ind2=" " tag="245"><subfield code="a">Poluprovodnikovye primenki izlucheniia</subfield></datafield><datafield ind1=" " ind2=" " tag="260"><subfield code="a">Baku, Izd.Elm, 1983. 139 S</subfield></datafield><datafield ind1=" " ind2=" " tag="852"><subfield code="a">71744</subfield></datafield></record></collection>